<record xmlns:xsi="http://www.w3.org/2001/XMLSchema-instance" xmlns="http://www.loc.gov/MARC21/slim" xsi:schemaLocation="http://www.loc.gov/MARC21/slim http://www.loc.gov/standards/marcxml/schema/MARC21slim.xsd">

  <leader>00584nam a22001697a 4500</leader>
  <controlfield tag="008">160622b2010    cr ||||| |||| 00| | spa d</controlfield>
  <datafield tag="020" ind2=" " ind1=" ">
    <subfield code="a">9789968791137</subfield>
  </datafield>
  <datafield ind1=" " ind2=" " tag="090">
    <subfield code="a">04.02.01 </subfield>
    <subfield code="b">2222 </subfield>
  </datafield>
  <datafield ind1="1" ind2="0" tag="245">
    <subfield code="a">Convención Internacional de Derechos de las Personas con Discapacidad</subfield>
  </datafield>
  <datafield tag="260" ind1=" " ind2=" ">
    <subfield code="a">[Heredia, Costa Rica] :</subfield>
    <subfield code="b">[Consejo Nacional de Rehabilitación y Educación Especial], </subfield>
    <subfield code="c">2010? </subfield>
  </datafield>
  <datafield ind2=" " ind1=" " tag="300">
    <subfield code="a">28 páginas</subfield>
  </datafield>
  <datafield tag="650" ind2="4" ind1="1">
    <subfield code="9">588</subfield>
    <subfield code="a">DERECHOS HUMANOS</subfield>
  </datafield>
  <datafield ind2="4" ind1="1" tag="650">
    <subfield code="9">1369</subfield>
    <subfield code="a">PERSONAS CON DISCAPACIDAD</subfield>
  </datafield>
  <datafield ind2="4" ind1="1" tag="650">
    <subfield code="9">45</subfield>
    <subfield code="a">LEGISLACIÓN</subfield>
  </datafield>
  <datafield tag="650" ind1="1" ind2="4">
    <subfield code="9">952</subfield>
    <subfield code="a"> IGUALDAD DE OPORTUNIDADES</subfield>
  </datafield>
  <datafield tag="942" ind1=" " ind2=" ">
    <subfield code="2">z</subfield>
    <subfield code="c">01</subfield>
  </datafield>
  <datafield tag="999" ind2=" " ind1=" ">
    <subfield code="c">3264</subfield>
    <subfield code="d">3264</subfield>
  </datafield>
</record>